@misc{ghidra,
  author = {National Security Agency},
  title = {Ghidra},
  year = {2019},
  howpublished = {\url{https://ghidra-sre.org/}},
}

@misc{binaryninja,
  author = {Jordan Wiens, Rusty Wagner, Peter LaFosse},
  title = {Binary Ninja},
  year = {2016},
  howpublished = {\url{https://binary.ninja/}},
}

@inproceedings{palmtree,
  title={Palmtree: learning an assembly language model for instruction embedding},
  author={Li, Xuezixiang and Qu, Yu and Yin, Heng},
  booktitle={Proceedings of the 2021 ACM SIGSAC Conference on Computer and Communications Security},
  pages={3236--3251},
  year={2021}
}

@software{flax2020github,
  author = {Jonathan Heek and Anselm Levskaya and Avital Oliver and Marvin Ritter and Bertrand Rondepierre and Andreas Steiner and Marc van {Z}ee},
  title = {{F}lax: A neural network library and ecosystem for {JAX}},
  url = {http://github.com/google/flax},
  version = {0.4.1},
  year = {2020},
}

@software{jax2018github,
  author = {James Bradbury and Roy Frostig and Peter Hawkins and Matthew James Johnson and Chris Leary and Dougal Maclaurin and George Necula and Adam Paszke and Jake Vander{P}las and Skye Wanderman-{M}ilne and Qiao Zhang},
  title = {{JAX}: composable transformations of {P}ython+{N}um{P}y programs},
  url = {http://github.com/google/jax},
  version = {0.2.5},
  year = {2018},
}